Automatically generated by Mendeley Desktop 1.15.3
Any changes to this file will be lost if it is regenerated by Mendeley.

BibTeX export options can be customized via Preferences -> BibTeX in Mendeley Desktop

@article{Haupt1995,
author = {Haupt, Randy L},
file = {:Users/ghassaei/Downloads/00382334.pdf:pdf},
number = {2},
title = {{An Introduction to Genetic Algorithms for Electromagnetics}},
volume = {37},
year = {1995}
}
@misc{Yee,
author = {Yee, Kane},
file = {:Users/ghassaei/Downloads/Numerical Solution of Initial Value Problems of Maxwells Equations Yee 1966.pdf:pdf},
title = {{Numerical Solution of Initial Value Problems of Maxwells Equations Yee 1966.pdf}}
}
@article{Haupt1994,
author = {Haupt, Randy L and Member, Senior},
file = {:Users/ghassaei/Downloads/00299602.pdf:pdf},
isbn = {1111011001},
number = {7},
title = {{Thinned Arrays Using Genetic Algorithms}},
volume = {42},
year = {1994}
}
