Automatically generated by Mendeley Desktop 1.15.3
Any changes to this file will be lost if it is regenerated by Mendeley.

BibTeX export options can be customized via Preferences -> BibTeX in Mendeley Desktop

@article{Thomaszewski2014,
author = {Thomaszewski, Bernhard and Coros, Stelian and Gauge, Damien and Megaro, Vittorio and Grinspun, Eitan and Gross, Markus},
file = {:Users/ghassaei/Library/Application Support/Mendeley Desktop/Downloaded/Thomaszewski et al. - 2014 - Computational Design of Linkage-Based Characters.pdf:pdf},
journal = {Siggraph},
keywords = {animation,fabrication,interactive design,linkage design,mechanical characters},
number = {1},
title = {{Computational Design of Linkage-Based Characters}},
url = {https://www.youtube.com/watch?v=XlV-LFozQSc http://dl.acm.org/citation.cfm?doid=2601097.2601143},
year = {2014}
}
@article{Moritz,
author = {Moritz, B and Coros, Stelian and Thomaszewski, Bernhard},
file = {:Users/ghassaei/Library/Application Support/Mendeley Desktop/Downloaded/Moritz, Coros, Thomaszewski - Unknown - LinkEdit Interactive Linkage Editing using Symbolic Kinematics.pdf:pdf},
keywords = {and pref-,and value in replication,animation,content to individual needs,fabrication,home,however,interactive editing,linkages,personaliza-,printers,the opportunity to adapt,this usage forgoes the,tion,true potential of 3d,while there is interest},
title = {{LinkEdit : Interactive Linkage Editing using Symbolic Kinematics}}
}
@article{Coros,
author = {Coros, Stelian and Thomaszewski, Bernhard and Sumner, Robert W},
file = {:Users/ghassaei/Library/Application Support/Mendeley Desktop/Downloaded/Coros, Thomaszewski, Sumner - Unknown - Computational Design of Mechanical Characters.pdf:pdf},
keywords = {animation,fabrication,inter-,interactive design,mechanical characters},
title = {{Computational Design of Mechanical Characters}}
}
