Automatically generated by Mendeley Desktop 1.15.3
Any changes to this file will be lost if it is regenerated by Mendeley.

BibTeX export options can be customized via Preferences -> BibTeX in Mendeley Desktop

@article{Objet1000,
author = {Statasys},
file = {:Users/ghassaei/Library/Application Support/Mendeley Desktop/Downloaded/Statasys - 2012 - Objet1000 Data Sheet.pdf:pdf},
journal = {Stratasys},
pages = {1--2},
title = {{Objet1000 Data Sheet}},
url = {http://usglobalimages.stratasys.com/Main/Files/Machine{\_}Spec{\_}Sheets/PSS{\_}PJ{\_}Objet1000Plus.pdf?v=635784314074551702},
year = {2012}
}
