Automatically generated by Mendeley Desktop 1.15.3
Any changes to this file will be lost if it is regenerated by Mendeley.

BibTeX export options can be customized via Preferences -> BibTeX in Mendeley Desktop

@phdthesis{Knaian2010,
author = {Knaian, Ara},
file = {:Users/ghassaei/Downloads/10.06.knaian.pdf:pdf},
title = {{Electropermanent Magnetic Connectors and Actuators : Devices and Their Application in Programmable Matter}},
year = {2010}
}
@article{Fearing1998,
author = {Fearing, Ronald S},
file = {:Users/ghassaei/Desktop/actuators(1) copy.pdf:pdf},
title = {{Powering 3 Dimensional Microrobots : Power Density Limitations âˆ— University of California}},
year = {1998}
}
@article{Abbott2007,
author = {Abbott, B Y Jake J and Beyeler, Felix and Nelson, Bradley J},
file = {:Users/ghassaei/Desktop/04264371(1) copy.pdf:pdf},
number = {June},
title = {{Robotics in the Small}},
year = {2007}
}
@article{Street1997,
author = {Huber, J. E. and Fleck, N. A. and Ashby, M. F.},
file = {:Users/ghassaei/Downloads/2185.full.pdf:pdf},
pages = {2185--2205},
title = {{The selection of mechanical actuators}},
year = {1997}
}
