Automatically generated by Mendeley Desktop 1.14
Any changes to this file will be lost if it is regenerated by Mendeley.

BibTeX export options can be customized via Preferences -> BibTeX in Mendeley Desktop

@article{Stevens2009a,
author = {Stevens, William M},
file = {:Users/aghassaei/Downloads/ecal2009\_poster.pdf:pdf},
title = {{A Kinematic Model of a Self-Replicating Programmable Constructing Machine}},
year = {2009}
}
@article{Stevens2009,
author = {Stevens, William Michael},
file = {:Users/aghassaei/Downloads/WillStevens-Thesis.pdf:pdf},
number = {October},
title = {{Self-Replication, Construction and Computation}},
url = {http://www.srm.org.uk/thesis/WillStevens-Thesis.pdf},
year = {2009}
}
